@article{tseng1998,
  title={Computer-aided requirement management for product definition: a methodology and implementation},
  author={Tseng, M.M. and Jiao, J.},
  journal={Concurrent Engineering},
  volume={6},
  number={2},
  pages={145--160},
  year={1998},
  publisher={SAGE Publications}
}

@book{wiegers2009software,
  title={Software requirements},
  author={Wiegers, Karl E},
  year={2009},
  publisher={Microsoft press}
}

@article{saiedian2000,
  title={Requirements engineering: making the connection between the software developer and customer},
  author={Saiedian, H. and Dale, R.},
  journal={Information and Software Technology},
  volume={42},
  number={6},
  pages={419--428},
  year={2000},
  publisher={Elsevier}
}

@article{highsmith2001,
  title={Agile software development: The business of innovation},
  author={Highsmith, J. and Cockburn, A.},
  journal={Computer},
  volume={34},
  number={9},
  pages={120--127},
  year={2001},
  publisher={IEEE}
}

@article{al1996,
  title={Communication problems in requirements engineering: a field study},
  author={Al-Rawas, A. and Easterbrook, S.},
  journal={COGNITIVE SCIENCE RESEARCH PAPER-UNIVERSITY OF SUSSEX CSRP},
  year={1996},
  publisher={UNIVERSITY OF SUSSEX}
}
@article{ross1977,
  title={Structured analysis for requirements definition},
  author={Ross, D.T. and Schoman Jr, K.E.},
  journal={Software Engineering, IEEE Transactions on},
  number={1},
  pages={6--15},
  year={1977},
  publisher={IEEE}
}

@inproceedings{forward2002,
  title={The relevance of software documentation, tools and technologies: a survey},
  author={Forward, A. and Lethbridge, T.C.},
  booktitle={Proceedings of the 2002 ACM symposium on Document engineering},
  pages={26--33},
  year={2002},
  organization={ACM}
}

@misc{ballinger2011speech,
  title={Speech to Text Conversion},
  author={Ballinger, B.M. and Schalkwyk, J. and Cohen, M.H. and Allauzen, C.G.L. and Riley, M.D.},
  year={2011},
  month=sep # "~29",
  publisher={Google Patents},
  note={US Patent App. 13/249,181}
}

@misc{ballinger2010lang,
  title={Language Model Selection for Speech-to-Text Conversion},
  author={Ballinger, B.M. and Schalkwyk, J. and Cohen, M.H. and Allauzen, C.G.L.},
  year={2010},
  month=dec # "~22",
  publisher={Google Patents},
  note={US Patent App. 12/976,920}
}

@article{schalkwyk2010,
  title={Google Search by Voice: A case study},
  author={Schalkwyk, J. and Beeferman, D. and Beaufays, F. and Byrne, B. and Chelba, C. and Cohen, M. and Kamvar, M. and Strope, B.},
  journal={Visions of Speech: Exploring New Voice Apps in Mobile Environments, Call Centers and Clinics},
  volume={2},
  pages={2--1},
  year={2010},
  publisher={Springer}
}


@article{davis1952,
author = {K. H. Davis and R. Biddulph and S. Balashek},
collaboration = {},
title = {Automatic Recognition of Spoken Digits},
publisher = {ASA},
year = {1952},
journal = {The Journal of the Acoustical Society of America},
volume = {24},
number = {6},
pages = {637-642},
howpublished = "\url{http://link.aip.org/link/?JAS/24/637/1}",
doi = {10.1121/1.1906946}
}

@article{joshi2012,
  title={Textual Requirement Analysis for UML Diagram Extraction},
  author={Joshi, SD and Deshpande, D.},
  year = {2012}
}

@book{cunningham2000,
  title={Software architecture for language engineering},
  author={Cunningham, Hamish and others},
  year={2000},
  publisher={University of Sheffield}
}

@ARTICLE{BakerJ, 
author={Baker, J. and Li Deng and Glass, J. and Khudanpur, S. and Chin-Hui Lee and Morgan, N. and O'Shaughnessy, D.}, 
journal={Signal Processing Magazine, IEEE}, title={Developments and directions in speech recognition and understanding, Part 1 [DSP Education]}, 
year={2009}, 
month={may }, 
volume={26}, 
number={3}, 
pages={75 -80}, 
keywords={Automatic speech recognition;Costs;Digital signal processing;Hidden Markov models;History;Knowledge representation;Natural languages;Power system modeling;Speech recognition;Speech synthesis;research and development;speech recognition;automatic speech recognition;human language technology;infrastructure;knowledge representation;metadata;models and algorithms;search;signal processing;speech understanding;}, 
doi={10.1109/MSP.2009.932166}, 
ISSN={1053-5888},}

@incollection{reqqa,
year={2005},
isbn={978-3-540-25043-2},
booktitle={Engineering and Managing Software Requirements},
editor={Aurum, Aybüke and Wohlin, Claes},
doi={10.1007/3-540-28244-0_8},
title={Quality Assurance in Requirements Engineering},
howpublished=\url{http://dx.doi.org/10.1007/3-540-28244-0_8},
publisher={Springer Berlin Heidelberg},
keywords={Quality assurance; Requirements; Quality characteristics; Inspections; Analytical approaches; Constructive approaches},
author={Denger, Christian and Olsson, Thomas},
pages={163-185}
}

@ARTICLE{IEEE830, 
journal={IEEE Std 830-1998}, title={IEEE Recommended Practice for Software Requirements Specifications}, 
year={1998}, 
pages={1-40}, 
keywords={formal specification;IEEE Std 830-1998;IEEE recommended practice;IEEE/EIA Std 12207.1-1997;commercial software product selection;contracts;customers;guidelines;in-house software product selection;prototyping;software development;software requirements specification;standards compliance;suppliers;system requirements specifications;Software requirements and specifications;contract;customer;prototyping;software requirements specification;supplier;system requirements specifications}, 
doi={10.1109/IEEESTD.1998.88286},}

@article{helalBose,
author = {Helal, Sumi and Bose, Raja and Li, Wendong},
title = {Mobile Platforms and Development Environments},
journal = {Synthesis Lectures on Mobile and Pervasive Computing},
volume = {7},
number = {1},
pages = {1-120},
year = {2012},
doi = {10.2200/S00404ED1V01Y201202MPC009},

howpublished = "\url{http://www.morganclaypool.com/doi/abs/10.2200/S00404ED1V01Y201202MPC009}",
eprint = {http://www.morganclaypool.com/doi/pdf/10.2200/S00404ED1V01Y201202MPC009}
}

@ARTICLE{IEEE12207, 
journal={IEEE/EIA 12207.0-1996}, title={IEEE/EIA Standard Industry Implementation of International Standard ISO/IEC 12207: 1995 (ISO/IEC 12207) Standard for Information Technology Software Life Cycle Processes}, 
pages={i-75}, 
doi={10.1109/IEEESTD.1998.88083},}

@inproceedings{levenshtein,
  title={BINARY coors CAPABLE or ‘CORRECTING DELETIONS, INSERTIONS, AND REVERSALS},
  author={Levenshtein, VI},
  booktitle={Soviet Physics-Doklady},
  volume={10},
  number={8},
  year={1966}
}
@article{hamming,
  title={Error detecting and error correcting codes},
  author={Hamming, Richard W},
  journal={Bell System technical journal},
  volume={29},
  number={2},
  pages={147--160},
  year={1950}
}

@article{gervasi2002,
  title={Lightweight validation of natural language requirements},
  author={Gervasi, Vincenzo and Nuseibeh, Bashar},
  journal={Software: Practice and Experience},
  volume={32},
  number={2},
  pages={113--133},
  year={2002},
  publisher={Wiley Online Library}
}

@book{qualitybook,
  title={Mastering Software Quality Assurance : Best Practices, Tools and Technique for Software Developers},
  booktitle={Mastering Software Quality Assurance : Best Practices, Tools and Technique for Software Developers},
  author={Chemuturi, Murali},
  chapter={5},
  pages={85--128},
  year={2010},
  publisher={J. Ross Publishing Inc.},
  address={Ft. Lauderdale, FL, USA}
}

@article{blockeel2004,
  title={Relational sequence learning and user modelling},
  author={Blockeel, H and Demoen, B and Duval, E and Lavrac, N and JACOBS, Nico},
  year={2004}
}

@article{memoryCap,
title={Over the top: Are there exceptions to the basic capacity limit?},
  author={Wilding, John},
  journal={Behavioral and Brain Sciences},
  volume={24},
  number={01},
  pages={152--153},
  year={2001},
  publisher={Cambridge Univ Press}
}

@online{andDist,
author = {},
month = {4},
year = {2013},
title = {Android Developers},
language = {english},
howpublished = "\url{http://developer.android.com/about/dashboards/index.html}",
note  ="Visited April 2013"
}

@online{andspeechrec,
author = {Alex Gruenstein},
month = {3},
year = {2010},
title = {Android Developers Blog},
language = {english},
howpublished = "\url{http://android-developers.blogspot.se/2010/03/speech-input-api-for-android.html}",
note  ="Visited March 2013"
}

@online{andlicense,
author = {},
month = {},
year = {},
title = {Android Open Source Project},
language = {english},
howpublished = "\url{http://source.android.com/source/licenses.html}",
note  ="Visited February 2013"
}

@online{androidhome,
author = {},
month = {},
year = {},
title = {Discover Android},
language = {english},
howpublished = "\url{http://www.android.com/about/}",
note  ="Visited April 2013"
}

@online{andrelease,
author = {Dan Morrill},
month = {9},
year = {2008},
title = {Android Developers Blog},
language = {english},
howpublished = "\url{http://android-developers.blogspot.se/2008/09/announcing-android-10-sdk-release-1.html}",
note ="Visited February 2013"
}

@online{systemiteStruct,
title = {Systemite Products and services},
language = {english},
howpublished = "\url{http://systemite.se/content/products-services/}",
note ="Visited February 2013"
}

@online{sirirelease,
author = {Shane Richmond and Emma Barnett and Christopher Williams},
month = {10},
year = {2011},
title = {Apple iPhone 4S event: as it happened},
journal = {The Telegraph}
language = {english},
howpublished = "\url{http://www.telegraph.co.uk/technology/apple/8804922/Apple-iPhone-event-live.html}",
note ="Visited February 2013"
}

@online{googlenowrelease,
author = {Stephen Shankland},
month = {6},
year = {2012},
title = {Android 4.1 gets faster; better notifications; Google Now},
journal = {CNET}
language = {english},
howpublished = "\url{http://news.cnet.com/8301-1035_3-57461946-94/android-4.1-gets-faster-better-notifications-google-now/}",
note ="Visited February 2013"
}

@online{androidIO2012,
author = {Hugo Barra},
month = {6},
year = {2012},
title = {Google I/O 2012 - Keynote Day 1},
language = {english},
howpublished = "\url{http://www.youtube.com/watch?v=VuC0i4xTyrI}",
note ="Visited January 2013"
}

@online{systemweaverHelpdoc,
title = {SystemWeaver help manual},
language = {english},
}

@online{openhandsetalliance,
author = {},
month = {11},
year = {2007},
title = {Industry Leaders Announce Open Platform for Mobile Devices},
language = {english},
howpublished = "\url{http://www.openhandsetalliance.com/press_110507.html}",
note ="Visited January 2013"
}

@online{offlvoice,
author = {Chris Davies},
month = {6},
year = {2012},
title = {Android 4.1 Jelly Bean adds Offline Voice Typing},
journal = {SlashGear},
language = {english},
howpublished = "\url{http://www.slashgear.com/android-4-1-jelly-bean-adds-offline-voice-typing-27235871/}",
note = "Visited April 2013"
}


@online{androidAquire,
author = {Ben Elgin},
month = {8},
year = {2005},
title = {Google Buys Android for Its Mobile Arsenal},
journal = {BusinessWeek.com},
language = {english},
howpublished = "\url{http://www.businessweek.com/stories/2005-08-16/google-buys-android-for-its-mobile-arsenal}",
note ="Visited January 2013"
}

@online{voiceactions,
author = {},
month = {},
year = {2013},
title = {Voice action commands},
language = {english},
howpublished = "\url{http://support.google.com/android/bin/answer.py?hl=en&answer=1715292}",
note  ="Visited April 2013"
}

@online{5whys,
author = {Karn G. Bulsuk},
month = {4},
year = {2009},
title = {An Introduction to 5-why},
journal = {},
language = {english},
howpublished = "\url{http://www.bulsuk.com/2009/03/5-why-finding-root-causes.html}",
note = "Visited May 2013"
}


@inproceedings{berglund2000,
  title={Writing for adaptable documentation},
  author={Berglund, Erik},
  booktitle={Proceedings of IEEE professional communication society international professional communication conference and Proceedings of the 18th annual ACM international conference on Computer documentation: technology \& teamwork},
  pages={497--508},
  year={2000},
  organization={IEEE Educational Activities Department}
}
@online{nuancedragon,
author = {Nuance},
month = {},
year = {2013},
title = {Dragon Speech Recognition Software},
journal = {},
language = {english},
howpublished = "\url{http://www.nuance.com/dragon/index.htm}",
note ="Visited April 2013"
}
@book{tullis2010,
  title={Measuring the user experience: collecting, analyzing, and presenting usability metrics},
  author={Tullis, Thomas and Albert, William},
  year={2010},
  publisher={Morgan Kaufmann}
}

  @Manual{rstud,
    title = {R: A Language and Environment for Statistical Computing},
    author = {{R Core Team}},
    organization = {R Foundation for Statistical Computing},
    address = {Vienna, Austria},
    year = {2013},
    howpublished = "\url{http://www.R-project.org/}",
  }
  
@incollection{regnell2008,
  title={Can we beat the complexity of very large-scale requirements engineering?},
  author={Regnell, Bj{\"o}rn and Svensson, Richard Berntsson and Wnuk, Krzysztof},
  booktitle={Requirements Engineering: Foundation for Software Quality},
  pages={123--128},
  year={2008},
  publisher={Springer}}
  
@online{recAPI,
author = {},
month = {},
year = {2013},
title = {RecognizerIntent},
language = {english},
url = "\url{http://developer.android.com/reference/android/speech/RecognizerIntent.html}",
note  ="Visited April 2013"
}


@ARTICLE{IEEEtermin, 
journal={IEEE Std 610.12-1990}, title={IEEE Standard Glossary of Software Engineering Terminology}, 
year={1990}, 
pages={1-84}, 
keywords={glossaries;software engineering;standards;IEEE Std 610.12-1990;software engineering terminology;standard glossary;Software engineering;Standards;Terminology;Definitions;Software engineering;dictionary;glossary;terminology}, 
doi={10.1109/IEEESTD.1990.101064},}

@ARTICLE{ieeemetrix, 
journal={IEEE Std 15939-2008}, title={IEEE Standard Adoption of ISO/IEC 15939:2007 Systems and Software Engineering Measurement Process}, 
year={2009}, 
pages={C1-40}, 
keywords={IEC standards;IEEE standards;ISO standards;Software engineering;measurement, metric}, 
doi={10.1109/IEEESTD.2009.4775910},}


@article{mstaronmetrics,
title = {Predicting weekly defect inflow in large software projects based on project planning and test status },
journal = {Information and Software Technology},
volume = {50},
number = {7–8},
pages = {782 - 796},
year = {2008},
issn = {0950-5849},
doi = {10.1016/j.infsof.2007.10.001},
howpublished = "\url{http://www.sciencedirect.com/science/article/pii/S0950584907001085}",
author = "Miroslaw Staron and Wilhelm Meding",
keywords = "Software metrics",
keywords = "Predictions",
keywords = "Defects "
}

@online{typetextbyspeaking,
author = {},
month = {},
year = {2013},
title = {Type text by speaking},
language = {english},
url = "\url{http://support.google.com/android/bin/answer.py?hl=en&answer=1650147}",
note  ="Visited May 2013"
}

@article{juristo2002european,
  title={Is the European industry moving toward solving requirements engineering problems?},
  author={Juristo, Natalia and Moreno, Ana M and Silva, Andr{\'e}s},
  journal={Software, IEEE},
  volume={19},
  number={6},
  pages={70--77},
  year={2002},
  publisher={IEEE}
}

@article{wnuk2012obsolete,
  title={Obsolete Software Requirements},
  author={Wnuk, Krzysztof and Gorschek, Tony and Zahda, Showayb},
  journal={Information and Software Technology},
  year={2012},
  publisher={Elsevier}
}

@article{ibrahim2012overview,
  title={An Overview of Agile Software Development Methodology and Its Relevance to Software Engineering},
  author={Ibrahim, Niko},
  journal={Jurnal Sistem Informasi},
  volume={2},
  number={1},
  year={2012}
}
@inproceedings{bjarnason2011requirements,
  title={Requirements are slipping through the gaps—A case study on causes \& effects of communication gaps in large-scale software development},
  author={Bjarnason, Elizabeth and Wnuk, Krzysztof and Regnell, Bj{\"o}rn},
  booktitle={Requirements Engineering Conference (RE), 2011 19th IEEE International},
  pages={37--46},
  year={2011},
  organization={IEEE}
}
 @inproceedings{karkkainen2007faster,
  title={Faster filters for approximate string matching},
  author={K{\"a}rkk{\"a}inen, Juha and Na, Joong Chae},
  booktitle={Proc. ALENEX},
  volume={7},
  pages={84--90},
  year={2007}
}

@article{uren2006semantic,
  title={Semantic annotation for knowledge management: Requirements and a survey of the state of the art},
  author={Uren, Victoria and Cimiano, Philipp and Iria, Jos{\'e} and Handschuh, Siegfried and Vargas-Vera, Maria and Motta, Enrico and Ciravegna, Fabio},
  journal={Web Semantics: science, services and agents on the World Wide Web},
  volume={4},
  number={1},
  pages={14--28},
  year={2006},
  publisher={Elsevier}
}

@article{zhang2010towards,
  title={Towards lightweight requirements documentation},
  author={Zhang, Zheying and Arvela, Mike and Berki, Eleni and Muhonen, Matias and Nummenmaa, Jyrki and Poranen, Timo},
  journal={Journal of Software Engineering and Applications},
  volume={3},
  number={9},
  pages={882--889},
  year={2010},
  publisher={Scientific Research Publishing}
}

@article{kauppinen2004implementing,
  title={Implementing requirements engineering processes throughout organizations: success factors and challenges},
  author={Kauppinen, Marjo and Vartiainen, Matti and Kontio, Jyrki and Kujala, Sari and Sulonen, Reijo},
  journal={Information and Software Technology},
  volume={46},
  number={14},
  pages={937--953},
  year={2004},
  publisher={Elsevier}
}